@INPROCEEDINGS{ref-1,  author={L. W. Nagel and D. O. Pederson},  booktitle={Proc. Sixteenth Midwest Symposium on Circuit Theory},   title={Simulation Program with Integrated Circuit Emphasis},   year={1973},  note={Waterloo, Canada, April 12; available as Memorandum No. ERL-M382, Electronics Research Laboratory, University of California, Berkeley.}}

@ARTICLE{ref-2,  author={Nagel, L. and Rohrer, R.},  journal={IEEE Journal of Solid-State Circuits},   title={Computer analysis of nonlinear circuits, excluding radiation (CANCER)},   year={1971},  volume={6},  number={4},  pages={166-182},  doi={10.1109/JSSC.1971.1050166}}

@INPROCEEDINGS{ref-3,  author={Rohrer, R. and Nagel, L. and Meyer, R. and Weber, L.},  booktitle={1971 IEEE International Solid-State Circuits Conference. Digest of Technical Papers},   title={CANCER: Computer analysis of nonlinear circuits excluding radiation},   year={1971},  volume={XIV},  number={},  pages={124-125},  doi={10.1109/ISSCC.1971.1154973}}

@book{ref-4,
  author    = {C. Searle and A. Boothroyd and E. Angelo and Jr. and P. Gray and D. Pederson},
  title     = {Elementary Circuit Properties of Transistors},
  year      = {1964},
  publisher = {New York: J. Wiley and Sons},
}

@ARTICLE{ref-5,  author={Director, S. and Rohrer, R.},  journal={IEEE Transactions on Circuit Theory},   title={The Generalized Adjoint Network and Network Sensitivities},   year={1969},  volume={16},  number={3},  pages={318-323},  doi={10.1109/TCT.1969.1082965}}

@ARTICLE{ref-6,  author={Director, S. and Rohrer, R.},  journal={IEEE Transactions on Circuit Theory},   title={Automated Network Design-The Frequency-Domain Case},   year={1969},  volume={16},  number={3},  pages={330-337},  doi={10.1109/TCT.1969.1082967}}

@book{ref-7,
  title     = {Basic Circuit Theory},
  author    = {C. A. Desoer and E. S. Kuh},
  year      = {1969},
  publisher = {New York: McGraw-Hill}
}

@ARTICLE{ref-8,  author={Rohrer, R. and Nagel, L. and Meyer, R. and Weber, L.},  journal={IEEE Journal of Solid-State Circuits},   title={Computationally efficient electronic-circuit noise calculations},   year={1971},  volume={6},  number={4},  pages={204-213},  doi={10.1109/JSSC.1971.1050169}}

@ARTICLE{ref-9,  author={Meyer, R.G. and Nagel, L.},  journal={IEEE Journal of Solid-State Circuits},   title={Computer simulation of 1/f noise performance of electronic circuits},   year={1973},  volume={8},  number={3},  pages={237-240},  doi={10.1109/JSSC.1973.1050385}}

@INPROCEEDINGS{ref-10,  author={S. W. Director and R. A. Rohrer},  booktitle={Proc. International Symposium Network Theory},   title={Interreciprocity and its Implications},   year={1968},  pages={11-30}}

@ARTICLE{ref-11,  author={Kuo, Y.},  journal={IEEE Transactions on Circuit Theory},   title={Distortion analysis of bipolar transistor circuits},   year={1973},  volume={20},  number={6},  pages={709-716},  doi={10.1109/TCT.1973.1083767}}

@ARTICLE{ref-12,  author={Chisholm, S. and Nagel, L.},  journal={IEEE Transactions on Circuit Theory},   title={Efficient computer simulation of distortion in electronic circuits},   year={1973},  volume={20},  number={6},  pages={742-745},  doi={10.1109/TCT.1973.1083773}}

@ARTICLE{ref-13,  author={S. Narayanan},  journal={Bell Syst Tech J},   title={Transistor Distortion Analysis Using Volterra Series Representation},   year={1967}}

@ARTICLE{ref-14,  author={Idleman, T.E. and Jenkins, F.S. and McCalla, W.J. and Pederson, D.O.},  journal={IEEE Journal of Solid-State Circuits},   title={SLIC-a simulator for linear integrated circuits},   year={1971},  volume={6},  number={4},  pages={188-203},  doi={10.1109/JSSC.1971.1050168}}

@phdthesis{ref-15,
  author  = {W. J. McCalla},
  title   = {Computer-Aided Design of Integrated Bandpass Amplifiers},
  school  = {University of California, Berkeley Ph.D. dissertation},
  year    = {June 15, 1972}
}

@ARTICLE{ref-16,  author={Aprille, T.J. and Trick, T.N.},  journal={Proceedings of the IEEE},   title={Steady-state analysis of nonlinear circuits with periodic inputs},   year={1972},  volume={60},  number={1},  pages={108-114},  doi={10.1109/PROC.1972.8563}}

@ARTICLE{ref-17,  author={Aprille, T. and Trick, T.},  journal={IEEE Transactions on Circuit Theory},   title={A computer algorithm to determine the steady-state response of nonlinear oscillators},   year={1972},  volume={19},  number={4},  pages={354-360},  doi={10.1109/TCT.1972.1083500}}

@ARTICLE{ref-18,  author={Colon, F.R. and Trick, T.N.},  journal={IEEE Journal of Solid-State Circuits},   title={Fast periodic steady-state analysis for large-signal electronic circuits},   year={1973},  volume={8},  number={4},  pages={260-269},  doi={10.1109/JSSC.1973.1050394}}

@ARTICLE{ref-19,  author={F. S. Jenkins and S. P. Fan},  journal={IEEE Journal of Solid-State Circuits},   title={TIME--A Nonlinear DC and Time-Domain Circuit-Simulation Program},   year={1971},  volume={SC-6},  pages={192-188}}

@ARTICLE{ref-20,  author={I. A. Cermak and D. B. Kirby},  journal={Bell Syst. Tech. J.},   title={Nonlinear Circuits and Statistical Design},   year={April 1971},  volume={50},  pages={1173-1195}}

@ARTICLE{ref-21,  author={C. L. Semmelman and E. D. Walsh and G. T. Daryanani},  journal={Bell Syst. Tech. J.},   title={Linear Circuits and Statistical Design},   year={April 1971},  volume={50},  pages={1149-1171}}

@ARTICLE{ref-22,  author={P. Balaban and B. J. karafin and D. B. Snyder},  journal={Bell Syst. Tech. J.},   title={A Monte-Carlo Analysis of the Integrated, Single-Substrate, RC, Touch-Tone Oscillator},   year={April 1971},  volume={50},  pages={1263-1291}}

@ARTICLE{ref-23,  author={Director, S.},  journal={IEEE Transactions on Circuit Theory},   title={Survey of Circuit-Oriented Optimization Techniques},   year={1971},  volume={18},  number={1},  pages={3-10},  doi={10.1109/TCT.1971.1083211}}

@ARTICLE{ref-24,  author={Rohrer, R.A.},  journal={Proceedings of the IEEE},   title={Fully automated network design by digital computer: Preliminary considerations},   year={1967},  volume={55},  number={11},  pages={1929-1939},  doi={10.1109/PROC.1967.6022}}

@ARTICLE{ref-25,  author={Dowell, R. and Rohrer, R.},  journal={IEEE Transactions on Circuit Theory},   title={Automated Design of Biasing Circuits},   year={1971},  volume={18},  number={1},  pages={85-89},  doi={10.1109/TCT.1971.1083220}}

@ARTICLE{ref-26,  author={Wooley, B.A.},  journal={IEEE Journal of Solid-State Circuits},   title={Automated Design of DC-Coupled Broad-Band Amplifiers Monolithic},   year={1971},  volume={6},  number={1},  pages={24-34},  doi={10.1109/JSSC.1971.1050155}}

@ARTICLE{ref-27,  author={Director, S. and Bristol, W. and Brodersen, A.},  journal={IEEE Transactions on Circuit Theory},   title={Fabrication-based optimization of linear integrated circuits},   year={1973},  volume={20},  number={6},  pages={690-697},  doi={10.1109/TCT.1973.1083763}}

@ARTICLE{ref-28, journal={IBM Corp., Mechanicsburg, Pa.},   title={ASTAP General Information Manual (GH20-1271-0)}}

@ARTICLE{ref-29,  author={Weeks, W. and Jimenez, A. and Mahoney, G. and Mehta, D. and Qassemzadeh, H. and Scott, T.},  journal={IEEE Transactions on Circuit Theory},   title={Algorithms for ASTAP--A network-analysis program},   year={1973},  volume={20},  number={6},  pages={628-634},  doi={10.1109/TCT.1973.1083755}}

@ARTICLE{ref-30, journal={Form 968-2, National CSS, Inc., Norwalk, Connecticut},   title={ISPICE Reference Guide}, year={1974}}

@ARTICLE{ref-31, journal={IBM Corp., Mechanicsburg, Pa.},   title={ECAP II Application Description Manual (GH20-0983)}}

@ARTICLE{ref-32,  author={Branin, F.H. and Hogsett, G.R. and Lunde, R.L. and Kugel, L.E.},  journal={IEEE Journal of Solid-State Circuits},   title={ECAP II-a new electronic circuit analysis program},   year={1971},  volume={6},  number={4},  pages={146-166},  doi={10.1109/JSSC.1971.1050165}}

@ARTICLE{ref-33, journal={Harry Diamond Laboratories, Washington, D.C.},   title={NET-2 Network Analysis Program}, year={1970}}

@ARTICLE{ref-34, journal={Harry Diamond Laboratories, Washington, D.C.},   title={CIRCUS-2, A Digital Computer Program for Transient Analysis of Electronic Circuits}, year={July, 1971}}

@ARTICLE{ref-35,  author={McCalla, W. and Pederson, D.},  journal={IEEE Transactions on Circuit Theory},   title={Elements of Computer-Aided Circuit Analysis},   year={1971},  volume={18},  number={1},  pages={14-26},  doi={10.1109/TCT.1971.1083238}}

@ARTICLE{ref-36,  author={Berry, R.},  journal={IEEE Transactions on Circuit Theory},   title={An Optimal Ordering of Electronic Circuit Equations for a Sparse Matrix Solution},   year={1971},  volume={18},  number={1},  pages={40-50},  doi={10.1109/TCT.1971.1083215}}

@book{ref-37,
  title     = {Computer-Aided Analysis of Electronic Circuits: Algorithms and Computational Techniques},
  author    = {L. O. Chua and P. M. Lin},
  year      = {1975},
  publisher = {Englewood Cliff, New Jersey: Prentiss-Hall}
}

@book{ref-38,
  title     = {Computer-Aided Network Design},
  author    = {D. A. Calahan},
  year      = {1968},
  publisher = {New York: McGraw-Hill}
}

@ARTICLE{ref-39,  author={E. D. Johnson and C. T. Kleiner and L. R. McMurray and E. L. Steele and F. A. Vassallo},  journal={Autonetics Division, North American Rockwell Corp., Anaheim, California, Harry Diamond Lab, Tech. Rep.},   title={Transient Radiation Analysis by Computer Program (TRAC)},   year={June 1968}}

@ARTICLE{ref-40, journal={IBM Application Program File H20-0170-1},   title={1620 Electronic Circuit Analysis Program (ECAP) 1620-EE-02x},   year={1965}}

@ARTICLE{ref-41,  author={Shichman, H.},  journal={IEEE Transactions on Circuit Theory},   title={Integration system of a nonlinear transient network-analysis program},   year={1970},  volume={17},  number={3},  pages={378-386},  doi={10.1109/TCT.1970.1083133}}

@ARTICLE{ref-42,  author={Shichman, H.},  journal={IEEE Transactions on Circuit Theory},   title={Computation of DC Solutions for Bipolar Transistor Networks},   year={1969},  volume={16},  number={4},  pages={460-466},  doi={10.1109/TCT.1969.1083005}}

@ARTICLE{ref-43,  author={H. W. Mathers and S. R. Sedore and J. R. Seuts},  journal={IBM Space Guidance Center, Oswego, N. Y., IBM File 66-928-611},   title={Automated Digital Computer Program for Determining Response of Electronic Circuits to Transient Nuclear Radiation (SCEPTRE)},   year={February 1967}}

@ARTICLE{ref-44,  author={A. F. Malmberg and F. L. Cornwell and F. N. Hofer},  journal={Los Alamos Scientific Lab., Los Alamos, New Mexico, Rep LA-3119, 7090/94 version},   title={NET-1 Network Analysis Program},   year={August 1964}}

@ARTICLE{ref-45,  author={L. D. Milliman and W. A. Massena and R. H. Dickhaut},  journal={Harry Diamond Lab., Washington, D. C., Rep. AD-346-1},   title={CIRCUS---A Digital Computer Program for Transient Analysis of Electronic Circuits},   year={January 1967}}

@ARTICLE{ref-46,  author={Hachtel, G. and Brayton, R. and Gustavson, F.},  journal={IEEE Transactions on Circuit Theory},   title={The Sparse Tableau Approach to Network Analysis and Design},   year={1971},  volume={18},  number={1},  pages={101-113},  doi={10.1109/TCT.1971.1083223}}

@INPROCEEDINGS{ref-47,  author={C. W. Ho and A. E. Ruehli and P. A. Brennan},  booktitle={Proc. 1974 International Symposium on Circuits and Systems},   title={The Modified Nodal Approach to Network Analysis},   year={April 1974},  note={San Francisco}, pages={505-509}}

@ARTICLE{ref-48,  author={Russo, P. and Rohrer, R.},  journal={IEEE Transactions on Circuit Theory},   title={The tree-link approach to the transient analysis of a class of nonlinear networks},   year={1971},  volume={18},  number={3},  pages={400-403},  doi={10.1109/TCT.1971.1083294}}

@book{ref-49,
  title     = {A First Course in Numerical Analysis},
  author    = {A. Ralston},
  year      = {1965},
  publisher = {New York: McGraw-Hill}
}

@book{ref-50,
  title     = {Analysis of Numerical Methods},
  author    = {E. Isaacson and H. B. Keller},
  year      = {1966},
  publisher = {New York: Wiley}
}

@ARTICLE{ref-51,  author={H. M. Markowitz},  journal={Management Sci.},   title={The Elimination Form of the Inverse and Its Application to Linear Programming},   year={April 1957},  volume={3},  pages={255-269}}

@ARTICLE{ref-52,  author={M. Nakhla and K. Singhal and J. Vlach },  journal={IEEE Transactions on Circuits Systems},   title={An Optimal Pivoting Order for the Solution of Sparse Systems of Equations},   year={March 1974},  volume={CAS-21},  pages={222-225}}

@ARTICLE{ref-53,  author={Hsueh Hsieh and Ghausi, M.},  journal={IEEE Transactions on Circuit Theory},   title={A probabilistic approach to optimal pivoting and prediction of fill-in for random sparse matrices},   year={1972},  volume={19},  number={4},  pages={329-336},  doi={10.1109/TCT.1972.1083477}}

@ARTICLE{ref-54,  author={R. Fletcher and M. J. D. Powell},  journal={Comput. J.},   title={A Rapidly Convergent Descent Method for Minimization},   year={June 1963},  volume={6}, pages={163-168}}

@INPROCEEDINGS{ref-55,  author={D. Agnew},  booktitle={Proc. Sixteenth Midwest Symposium on Circuit Theory},   title={Iterative Improvement of Network Solutions},   year={Waterloo, Ontario, April 1973}}

@masterthesis{ref-56,
title={A Comparison of the Gaussian Elimination Method and an Optimization Technique Using the Adjoint Network for the Analysis of Linear Circuits},
author={W. A. Schuppan},
year={1973},
school={University of Illinois at Urbana-Champaign}
}

@ARTICLE{ref-57,  author={R. A. Rohrer},  journal={AMS},   title={Successive Secants in the Solution of Nonlinear Equations},   year={1970}, pages={103-112}}

@masterthesis{ref-58,
title={Comparison of Quasi-Newton Methods for the DC Analysis of Electronic Circuits},
author={W. H. Kao},
year={1972},
school={University of Illinois at Urbana-Champaign}
}

@ARTICLE{ref-59,  author={McCalla, W.J. and Howard, W.G.},  journal={IEEE Journal of Solid-State Circuits},   title={BIAS-3-A program for the nonlinear D.C. analysis of bipolar transistor circuits},   year={1971},  volume={6},  number={1},  pages={14-19},  doi={10.1109/JSSC.1971.1050153}}

@ARTICLE{ref-60,  author={D. F. Davidenko},  journal={Dokl Akad Nauk SSSR},   title={On a New Method of Numerical Solution of Systems of Nonlinear Equations},  year={1953}, volume={88}, pages={601-602}}

@ARTICLE{ref-61,  author={C. G. Broyden},  journal={Comput J.},   title={A New Method of Solving Nonlinear Simultaneous Equations},  year={February 1969}, volume={12}, pages={94-99}}

@misc{ref-62, author={D. L. Scharfetter}, title={private communication}}

@ARTICLE{ref-63,  author={C. G. Dahlquist},  journal={BIT},   title={A Special Stability Problem for Linear Multistep Methods},  year={1963}, volume={3}, pages={27-43}}

@book{ref-64,
  title     = {Numerical Initial Value Problems in Ordinary Differential Equations},
  author    = {C. W. Gear},
  year      = {1971},
  publisher = {Englewood Cliffs, New Jersey: Prentice-Hall}
}

@misc{ref-65, author={M. L. Blostein}, title={The Transient Analysis of Nonlinear Electronic Networks}, note={IEEE Short Course Notes, 735C06, 1973}}

@misc{ref-66, author={C. W. Gear}, title={Numerical Integration of Stiff Ordinary Equations}, note={University of Illinois at Urbana-Champaign, Report 221}, year={January 20, 1967}}

@misc{ref-67, author={C. W. Gear}, title={The Control of Parameters in the Automatic Integration of Ordinary Differential Equations}, note={University of Illinois at Urbana-Champaign, File No. 757}, year={May 17, 1968}}

@ARTICLE{ref-68,  author={W. Liniger and R. A. Willoughby},  journal={SIAM J Numerical Anal.},   title={Efficient Integration Methods for Stiff Systems of Ordinary Differential Equations},  year={March 1970}, volume={7}, pages={47-66}}

@ARTICLE{ref-69,  author={A. Nordsieck},  journal={Math Comp.},   title={On Numerical Integration of Ordinary Differential Equations},  year={1962}, volume={16}, pages={22-49}}

@INPROCEEDINGS{ref-70,  author={R. K. Brayton and F. G. Gustavson and G. D. Hachtel},  booktitle={Proc. IEEE},   title={A New Efficient Algorithm for Solving Differential-Algebraic Systems Using Implicit Backward Differentiation Formulas},   year={January 1972},  volume={60},  pages={98-108}}

@ARTICLE{ref-71,  author={H. H. Rosenbrock},  journal={Computer J.},   title={Some General Implicit Processes for the Numerical Solution of Differential Equations},  year={January 1963}, volume={5}, pages={329-330}}

@misc{ref-72, author={R. H. Allen}, title={Numerically Stable Explicit Integration Techniques Using a Linearized Runge Kutta Extension}, note={Report NO. 39, Information Sciences Laboratory, Boeing Scientific Research Laboratories}, year={October 1969}}

@misc{ref-73, author={K. Miller}, title={Diagonally Implicit Runge-Kutta Methods for Partial Differential Equations and Stiff Ordinary Differential Equations}, note={to be published}}

@misc{ref-74, author={K. Miller}, title={}, note={Math 228A Notes, Dept. of Mathematics, Univeristy of California, Berkeley}, year={Fall 1973}}

@misc{ref-75, author={G. D. Hachtel},title={}, note={private communication}}

@misc{ref-76, author={G. A. Hodges}, title={}, note={private communication}}

@INPROCEEDINGS{ref-77,  author={R. N. Hall},  booktitle={Proc. IRE},   title={Power Rectifiers and Transistors},   year={November 1952},  volume={40},  pages={1512-1519}}

@INPROCEEDINGS{ref-78,  author={J. J. Ebers and J. L. Moll},  booktitle={Proc. IRE},   title={Large Signal Behavior of Junction Transistors},   year={December 1954},  volume={42},  pages={1761-1772}}

@INPROCEEDINGS{ref-79,  author={J. M. Early},  booktitle={Proc. IRE},   title={Effects of Sparse-Charge Layer Widening in Junction Transistors},   year={November 1952},  volume={46},  pages={1401-1406}}

@ARTICLE{ref-80, author={H. K. Gummel}, title={A Charge Control Relation for Bipolar Transistors}, journal={Bell Syst. Tech. J.}, volume={49},  year={January 1970}, pages={115-120}}

@ARTICLE{ref-81, author={H. K. Gummel and H. C. Poon}, title={An Integral Charge Control Model for Biopolar Transistors}, journal={Bell Syst. Tech. J.}, volume={49},  year={January 1970}, pages={827-852}}

@phdthesis{ref-82,
  author  = {R. I. Dowell},
  title   = {Automated Biasing of Integrated Circuits},
  school  = {University of California, Berkeley, Doctoral dissertation},
  year    = {March 1972}
}

@ARTICLE{ref-83, author={R. Beaufory and J. J. Sparks}, title={The Junction Transistor as a Charge-Controlled Device}, journal={ATE J.}, volume={13},  year={Oct. 1957}, pages={310-324}}

@ARTICLE{ref-84, author={H. K. Gummel}, title={Measurement of the Number of Impurities in the Base Layer of a Transistor}, journal={Proc. IRE}, volume={49},  year={April 1961}, pages={384-388}}

@ARTICLE{ref-85, author={C. T. Sah and R. N. Noyce and W. Shockley}, title={Carrier Generation and Recombination in p-n Junctions and p-n Junction Characteristics}, journal={Proc. IRE}, volume={45},  year={September 1957}, pages={1228-1243}}

@ARTICLE{ref-86, author={W. M. Webster}, title={On the Variation of Junction Transistor Current Gain Amplification Factor with Emitter Current}, journal={Proc. IRE}, volume={42},  year={June 1954}, pages={914-920}}

@ARTICLE{ref-87,  author={Sansen, W.M.C. and Meyer, R.G.},  journal={IEEE Journal of Solid-State Circuits},   title={Characterization and measurement of the base and emitter resistances of bipolar transistors},   year={1972},  volume={7},  number={6},  pages={492-498},  doi={10.1109/JSSC.1972.1050324}}

@ARTICLE{ref-88, author={C. T. Kirk and Jr.}, title={A Theory of Transistor Cutoff Frequency ($f_T$) at High Current Densities}, journal={IRE Trans. Elec. Dev}, volume={ED-9},  year={March 1962}, pages={164-174}}

@ARTICLE{ref-89,  author={Whittier, R.J. and Tremere, D.A.},  journal={IEEE Transactions on Electron Devices},   title={Current gain and cutoff frequency falloff at high currents},   year={1969},  volume={16},  number={1},  pages={39-57},  doi={10.1109/T-ED.1969.16564}}

@ARTICLE{ref-90,  author={Shichman, H. and Hodges, D.A.},  journal={IEEE Journal of Solid-State Circuits},   title={Modeling and simulation of insulated-gate field-effect transistor switching circuits},   year={1968},  volume={3},  number={3},  pages={285-289},  doi={10.1109/JSSC.1968.1049902}}

@ARTICLE{ref-91,  author={Frohman-Bentchkowsky, D. and Vadasz, L.},  journal={IEEE Journal of Solid-State Circuits},   title={Computer-aided design and characterization of digital MOS integrated circuits},   year={1969},  volume={4},  number={2},  pages={57-64},  doi={10.1109/JSSC.1969.1049959}}

@ARTICLE{ref-92,  author={Jenkins, F. and Lane, E. and Lattin, W. and Richardson, W.},  journal={IEEE Transactions on Circuit Theory},   title={MOS-device modeling for computer implementation},   year={1973},  volume={20},  number={6},  pages={649-658},  doi={10.1109/TCT.1973.1083758}}

@ARTICLE{ref-93, author={H. C. Poon and L. D. Yau and R. L. Johnson and D. Beecham}, title={DC Model for Short-Channel IGFET's}, journal={Tech. Dig. Int. Electron Device}, year={Washington, December 3, 1973}, pages={156-159}}

@INPROCEEDINGS{ref-94,  author={T. K. Young and R. W. Dutton},  booktitle={Proc. 1974 International Symposium on Circuits and Systems},   title={MSINC - A Modular Simulator for Integrated Nonlinear Circuits with MOS Model Example},   year={San Francisco, April 1974}, pages={720-724}}

@misc{ref-95, author={R. G. Meyer}, title={private communication}}